<record><leader>00000cas a22000007a 4500</leader><controlfield tag="001">20368650</controlfield><controlfield tag="008">890919d19001924mouwr ne      0    0eng d</controlfield><datafield ind1=" " ind2=" " tag="010"><subfield code="a">sn 89067288 </subfield></datafield><datafield ind1=" " ind2=" " tag="040"><subfield code="a">MQN</subfield><subfield code="b">eng</subfield><subfield code="c">MQN</subfield><subfield code="d">OCLCQ</subfield></datafield><datafield ind1=" " ind2=" " tag="042"><subfield code="a">msc</subfield></datafield><datafield ind1="0" ind2=" " tag="130"><subfield code="a">Laredo tribune (Laredo, Mo.)</subfield></datafield><datafield ind1="1" ind2="0" tag="245"><subfield code="a">Laredo tribune.</subfield></datafield><datafield ind1=" " ind2=" " tag="260"><subfield code="a">Laredo, Grundy County, Mo. :</subfield><subfield code="b">C.C. Crossen</subfield></datafield><datafield ind1=" " ind2=" " tag="300"><subfield code="a">v.</subfield></datafield><datafield ind1=" " ind2=" " tag="310"><subfield code="a">Weekly</subfield></datafield><datafield ind1="1" ind2=" " tag="362"><subfield code="a">Began in 1900? Ceased in 1924?</subfield></datafield><datafield ind1=" " ind2=" " tag="588"><subfield code="a">Description based on: Vol. 16, no. 2 (Jan. 13, 1905).</subfield></datafield><datafield ind1=" " ind2=" " tag="752"><subfield code="a">United States</subfield><subfield code="b">Missouri</subfield><subfield code="c">Grundy</subfield><subfield code="d">Laredo.</subfield></datafield></record>